<?xml version="1.0" encoding="utf-8"?>
<record xmlns="http://www.loc.gov/MARC21/slim" xmlns:xsi="http://www.w3.org/2001/XMLSchema-instance" xsi:schemaLocation="http://www.loc.gov/MARC21/slim http://www.loc.gov/standards/marcxml/schema/MARC21slim.xsd">
	<leader>     nam a22     Mi 4500</leader>
	<controlfield tag="001">b23641460</controlfield>
	<controlfield tag="003">LeBAU</controlfield>
	<controlfield tag="006">m        d        </controlfield>
	<controlfield tag="007">cr cn |||m|||a</controlfield>
	<controlfield tag="008">200730m19361937        o     000 0 ara d</controlfield>
	<datafield ind1=" " ind2=" " tag="040">
		<subfield code="a">ZYU</subfield>
		<subfield code="b">ara</subfield>
		<subfield code="e">rda</subfield>
		<subfield code="c">ZYU</subfield>
	</datafield>
	<datafield ind1="0" ind2="4" tag="082">
		<subfield code="a">349.56</subfield>
		<subfield code="2">20</subfield>
	</datafield>
	<datafield ind1="1" ind2=" " tag="100">
		<subfield code="6">880-01</subfield>
		<subfield code="a">Atāsī, Muḥammad Khālid.</subfield>
		<subfield code="e">author.</subfield>
		<subfield code="0">https://lccn.loc.gov/n85038128 ,</subfield>
	</datafield>
	<datafield ind1="1" ind2="0" tag="245">
		<subfield code="6">880-02</subfield>
		<subfield code="a">Sharḥ al-Majallah /</subfield>
		<subfield code="c">taʼlīf al-ʻallāmah al-kabīr wa-al-faqīh al-muḥaqqiq al-shahīr al-marḥūm Muftī Ḥimṣ al-asbaq Muḥammad Khālid al-Atāsī ; wa-qad ʻuniya bi-ibrāzihi baʻda tadqīqih ilá ʻālam al-ṭibāʻah min ibtidāʼ Kitāb al-Buyūʻ al-mādah 1729 wa-qad taṭaffala hādhā al-ʻājiz bi-ikmāl al-kitāb ilá al-māddah 1950 wa-anā al-faqīr ilayhi Taʻālá Muftī Ḥimṣ al-ḥālī Muḥammad Ṭāhir al-Atāsī.</subfield>
	</datafield>
	<datafield ind1=" " ind2="1" tag="264">
		<subfield code="6">880-03</subfield>
		<subfield code="a">Ḥimṣ :</subfield>
		<subfield code="b">Maṭbaʻat al-Salāmah,</subfield>
		<subfield code="c">1355-1356 H. = 1936-1937 M.</subfield>
	</datafield>
	<datafield ind1=" " ind2=" " tag="300">
		<subfield code="6">880-04</subfield>
		<subfield code="a">online resource (6 volumes)</subfield>
	</datafield>
	<datafield ind1=" " ind2=" " tag="336">
		<subfield code="a">text</subfield>
		<subfield code="2">rdacontent</subfield>
	</datafield>
	<datafield ind1=" " ind2=" " tag="337">
		<subfield code="a">computer</subfield>
		<subfield code="2">rdamedia</subfield>
	</datafield>
	<datafield ind1=" " ind2=" " tag="338">
		<subfield code="a">online resource</subfield>
		<subfield code="2">rdacarrier</subfield>
	</datafield>
	<datafield ind1=" " ind2=" " tag="500">
		<subfield code="a">Part of the Arabic Collections Online (ACO) project, contributed by American University of Beirut's Jafet Memorial Library.</subfield>
	</datafield>
	<datafield ind1=" " ind2=" " tag="533">
		<subfield code="a">Electronic reproduction.</subfield>
		<subfield code="b">New York, N.Y. :</subfield>
		<subfield code="c">New York University,</subfield>
		<subfield code="d">2020.</subfield>
		<subfield code="5">NNU</subfield>
	</datafield>
	<datafield ind1="1" ind2="0" tag="610">
		<subfield code="6">880-05</subfield>
		<subfield code="a">Turkey.</subfield>
		<subfield code="t">Mecelle.</subfield>
	</datafield>
	<datafield ind1=" " ind2="0" tag="650">
		<subfield code="6">880-06</subfield>
		<subfield code="a">Civil law</subfield>
		<subfield code="z">Turkey.</subfield>
	</datafield>
	<datafield ind1=" " ind2="0" tag="650">
		<subfield code="6">880-07</subfield>
		<subfield code="a">Islamic law</subfield>
		<subfield code="x">Interpretation and construction.</subfield>
	</datafield>
	<datafield ind1="1" ind2=" " tag="700">
		<subfield code="6">880-08</subfield>
		<subfield code="a">Atāsī, Muḥammad Ṭāhir.</subfield>
		<subfield code="e">compiler.</subfield>
		<subfield code="0">https://lccn.loc.gov/nr96003372 ,</subfield>
	</datafield>
	<datafield ind1="2" ind2=" " tag="710">
		<subfield code="a">Jafet Memorial Library.</subfield>
	</datafield>
	<datafield ind1="0" ind2=" " tag="730">
		<subfield code="a">Arabic Collections Online.</subfield>
	</datafield>
	<datafield ind1="0" ind2="8" tag="775">
		<subfield code="6">880-09</subfield>
		<subfield code="i">has designation of edition</subfield>
		<subfield code="4">http://rdaregistry.info/Elements/m/P30133 :</subfield>
		<subfield code="a">Atāsī, Muḥammad Khālid.</subfield>
		<subfield code="t">Sharḥ al-Majallah.</subfield>
		<subfield code="d">Ḥimṣ : Maṭbaʻat Ḥimṣ, 1349-1356 H. = 1930-1937 M.</subfield>
		<subfield code="w">(OCoLC)784323540</subfield>
		<subfield code="w">(OCoLC)784323540</subfield>
	</datafield>
	<datafield ind1="0" ind2="8" tag="776">
		<subfield code="i">Print version:</subfield>
		<subfield code="a">Atāsī, Muḥammad Khālid. author. https://lccn.loc.gov/n85038128 ,</subfield>
		<subfield code="t">Sharḥ al-Majallah</subfield>
		<subfield code="w">(LeBAU)b23641460</subfield>
	</datafield>
	<datafield ind1="4" ind2="0" tag="856">
		<subfield code="u">http://hdl.handle.net/2333.1/d7wm3jjr</subfield>
	</datafield>
	<datafield ind1="1" ind2=" " tag="880">
		<subfield code="6">100-01</subfield>
		<subfield code="a">الاتاسي، محمد خالد،</subfield>
		<subfield code="0">https://lccn.loc.gov/n85038128 ,</subfield>
		<subfield code="e">مؤلف.</subfield>
		<subfield code="4">aut.</subfield>
	</datafield>
	<datafield ind1="1" ind2="0" tag="880">
		<subfield code="6">245-02</subfield>
		<subfield code="a">شرح المجلة /</subfield>
		<subfield code="c">تأليف العلامة الكبير والفقيه المحقق الشهير المرحوم مفتي حمص الأسبق محمد خالد الأتاسي ؛ وقد عني بإبرازه بعد تدقيقه إلى عالم الطباعة من ابتداء كتاب البيوع المادة 1729 وقد تطفل هذا العاجز بإكمال الكتاب الى المادة 1950 وانا الفقير اليه تعالى مفتي حمص الحالي محمد طاهر الأتاسي.</subfield>
	</datafield>
	<datafield ind1=" " ind2="1" tag="880">
		<subfield code="6">264-03</subfield>
		<subfield code="a">حمص :</subfield>
		<subfield code="b">مطبعة السلامة،</subfield>
		<subfield code="c">1355-1356 هـ. = 1936-1937 م.</subfield>
	</datafield>
	<datafield ind1=" " ind2=" " tag="880">
		<subfield code="6">300-04</subfield>
		<subfield code="a">6 اجزاء ؛</subfield>
		<subfield code="c">25 سم</subfield>
	</datafield>
	<datafield ind1=" " ind2=" " tag="880">
		<subfield code="6">541-00</subfield>
		<subfield code="c">هبة؛</subfield>
		<subfield code="a">مكتبة المفتي الشيخ حسن خالد؛</subfield>
		<subfield code="d">2017؛</subfield>
		<subfield code="3">مكتبة يافث النسخة 2 الجزء 6 .</subfield>
	</datafield>
	<datafield ind1=" " ind2=" " tag="880">
		<subfield code="6">590-00</subfield>
		<subfield code="a">في المكتبة: الاجزاء 1-4 (مطبعة حمص)، الاجزاء 5-6 (مطبعة السلامة)</subfield>
	</datafield>
	<datafield ind1=" " ind2=" " tag="880">
		<subfield code="6">590-00</subfield>
		<subfield code="a">في المكتبة، نسخة مكتبة يافث: الاجزاء 5-6 في مجلد واحد.</subfield>
	</datafield>
	<datafield ind1="1" ind2="4" tag="880">
		<subfield code="6">610-05</subfield>
		<subfield code="a">تركيا.</subfield>
		<subfield code="t">المجلة.</subfield>
	</datafield>
	<datafield ind1=" " ind2="4" tag="880">
		<subfield code="6">650-06</subfield>
		<subfield code="a">القانون المدني</subfield>
		<subfield code="z">تركيا.</subfield>
	</datafield>
	<datafield ind1=" " ind2="4" tag="880">
		<subfield code="6">650-07</subfield>
		<subfield code="a">الفقه الإسلامي</subfield>
		<subfield code="x">تفسير وبنية.</subfield>
	</datafield>
	<datafield ind1="1" ind2=" " tag="880">
		<subfield code="6">700-08</subfield>
		<subfield code="a">الأتاسي، محمد طاهر،</subfield>
		<subfield code="0">https://lccn.loc.gov/nr96003372 ,</subfield>
		<subfield code="e">معد.</subfield>
		<subfield code="4">com.</subfield>
	</datafield>
	<datafield ind1="0" ind2="8" tag="880">
		<subfield code="6">775-09</subfield>
		<subfield code="i">دلالة على الطبعة</subfield>
		<subfield code="4">http://rdaregistry.info/Elements/m/P30133 :</subfield>
		<subfield code="a">الاتاسي، محمد خالد.</subfield>
		<subfield code="t">شرح المجلة.</subfield>
		<subfield code="d">حمص : مطبعة حمص، 1349-1356 هـ. = 1930-1937 م.</subfield>
		<subfield code="w">(LEAUB)b12453511</subfield>
		<subfield code="w">(OCoLC)784323540</subfield>
	</datafield>
	<datafield ind1=" " ind2=" " tag="959">
		<subfield code="a">NNU</subfield>
		<subfield code="b">WEB</subfield>
		<subfield code="c">GENI</subfield>
		<subfield code="t">0</subfield>
		<subfield code="m">Electronic access</subfield>
		<subfield code="s">01</subfield>
	</datafield>
	<datafield ind1=" " ind2=" " tag="999">
		<subfield code="i">LeBAU_b23641460</subfield>
		<subfield code="s">aub_aco003930:v.5-6</subfield>
		<subfield code="e">(ERROR-MISC)</subfield>
		<subfield code="s">aub_aco003930:v.5-6</subfield>
	</datafield>
</record>
